% tld
@article{kalal2012tracking,
  title={Tracking-learning-detection},
  author={Kalal, Zdenek and Mikolajczyk, Krystian and Matas, Jiri},
  journal={IEEE transactions on pattern analysis and machine intelligence},
  volume={34},
  number={7},
  pages={1409--1422},
  year={2012},
  publisher={IEEE}
}

% mdnet
@InProceedings{nam2016mdnet,
author = {Nam, Hyeonseob and Han, Bohyung},
title = {Learning Multi-Domain Convolutional Neural Networks for Visual Tracking},
booktitle = {The IEEE Conference on Computer Vision and Pattern Recognition (CVPR)},
month = {June},
year = {2016}
}

% unet
@inproceedings{ronneberger2015u,
  title={U-net: Convolutional networks for biomedical image segmentation},
  author={Ronneberger, Olaf and Fischer, Philipp and Brox, Thomas},
  booktitle={International Conference on Medical image computing and computer-assisted intervention},
  pages={234--241},
  year={2015},
  organization={Springer}
}

% tfunet
@article{akeret2017radio,
  title={Radio frequency interference mitigation using deep convolutional neural networks},
  author={Akeret, Joel and Chang, Chihway and Lucchi, Aurelien and Refregier, Alexandre},
  journal={Astronomy and Computing},
  volume={18},
  pages={35--39},
  year={2017},
  publisher={Elsevier}
}

% segnet
@article{badrinarayanan2017segnet,
  title={Segnet: A deep convolutional encoder-decoder architecture for image segmentation},
  author={Badrinarayanan, Vijay and Kendall, Alex and Cipolla, Roberto},
  journal={IEEE transactions on pattern analysis and machine intelligence},
  volume={39},
  number={12},
  pages={2481--2495},
  year={2017},
  publisher={IEEE}
}

% alexnet
@inproceedings{krizhevsky2012imagenet,
  title={Imagenet classification with deep convolutional neural networks},
  author={Krizhevsky, Alex and Sutskever, Ilya and Hinton, Geoffrey E},
  booktitle={Advances in neural information processing systems},
  pages={1097--1105},
  year={2012}
}

% resnet
@inproceedings{he2016deep,
  title={Deep residual learning for image recognition},
  author={He, Kaiming and Zhang, Xiangyu and Ren, Shaoqing and Sun, Jian},
  booktitle={Proceedings of the IEEE conference on computer vision and pattern recognition},
  pages={770--778},
  year={2016}
}

% googlenet
@book{witten2016data,
  title={Data Mining: Practical machine learning tools and techniques},
  author={Witten, Ian H and Frank, Eibe and Hall, Mark A and Pal, Christopher J},
  year={2016},
  publisher={Morgan Kaufmann}
}

% fcn
@inproceedings{long2015fully,
  title={Fully convolutional networks for semantic segmentation},
  author={Long, Jonathan and Shelhamer, Evan and Darrell, Trevor},
  booktitle={Proceedings of the IEEE conference on computer vision and pattern recognition},
  pages={3431--3440},
  year={2015}
}

% fasterrcnn
@inproceedings{ren2015faster,
  title={Faster r-cnn: Towards real-time object detection with region proposal networks},
  author={Ren, Shaoqing and He, Kaiming and Girshick, Ross and Sun, Jian},
  booktitle={Advances in neural information processing systems},
  pages={91--99},
  year={2015}
}

% yolo
@inproceedings{redmon2016you,
  title={You only look once: Unified, real-time object detection},
  author={Redmon, Joseph and Divvala, Santosh and Girshick, Ross and Farhadi, Ali},
  booktitle={Proceedings of the IEEE conference on computer vision and pattern recognition},
  pages={779--788},
  year={2016}
}

% rolo
@article{ning2016spatially,
  title={Spatially Supervised Recurrent Convolutional Neural Networks for Visual Object Tracking},
  author={Ning, Guanghan and Zhang, Zhi and Huang, Chen and He, Zhihai and Ren, Xiaobo and Wang, Haohong},
  journal={arXiv preprint arXiv:1607.05781},
  year={2016}
}

% vot
@article {VOT_TPAMI,
    author = {Matej Kristan and Jiri Matas and Ale\v{s} Leonardis and Tomas Vojir and Roman Pflugfelder and Gustavo Fernandez and Georg Nebehay and Fatih Porikli and Luka \v{C}ehovin},
    journal={IEEE Transactions on Pattern Analysis and Machine Intelligence},
    title={A Novel Performance Evaluation Methodology for Single-Target Trackers},
    year={2016}, month={Nov}, volume={38}, number={11}, pages={2137-2155},
    doi={10.1109/TPAMI.2016.2516982}, ISSN={0162-8828}
}

% vot2016pixel
@TechReport{Vojir-TR-2017-01,
author = {Vojir, Tomas and Matas, Jiri},
title = {Pixel-Wise Object Segmentations for the {VOT} 2016 Dataset},
institution = {Center for Machine Perception, K13133 FEE Czech Technical University},
address = {Prague, Czech Republic},
year = {2017},
month = {January},
type = {Research Report},
number = {CTU--CMP--2017--01},
issn = {1213-2365},
project = {TE01020415},
keywords = {Segmentation, VOT, Dataset},
}

% otb
@inproceedings{ WuLimYang13,
  Title = {Online Object Tracking: A Benchmark},
  Author = {Yi Wu and Jongwoo Lim and Ming-Hsuan Yang},
  Booktitle = {IEEE Conference on Computer Vision and Pattern Recognition (CVPR)},
  Year = {2013}
}

% tensorflow
@inproceedings{abadi2016tensorflow,
  title={TensorFlow: A System for Large-Scale Machine Learning.},
  author={Abadi, Martin and Barham, Paul and Chen, Jianmin and Chen, Zhifeng and Davis, Andy and Dean, Jeffrey and Devin, Matthieu and Ghemawat, Sanjay and Irving, Geoffrey and Isard, Michael and others},
  booktitle={OSDI},
  volume={16},
  pages={265--283},
  year={2016}
}

% ===== kalman
@article{weng2006video,
  title={Video object tracking using adaptive Kalman filter},
  author={Weng, Shiuh-Ku and Kuo, Chung-Ming and Tu, Shu-Kang},
  journal={Journal of Visual Communication and Image Representation},
  volume={17},
  number={6},
  pages={1190--1208},
  year={2006},
  publisher={Elsevier}
}
@article{comaniciu2003kernel,
  title={Kernel-based object tracking},
  author={Comaniciu, Dorin and Ramesh, Visvanathan and Meer, Peter},
  journal={IEEE Transactions on pattern analysis and machine intelligence},
  volume={25},
  number={5},
  pages={564--577},
  year={2003},
  publisher={IEEE}
}
@article{kim2002fast,
  title={Fast and automatic video object segmentation and tracking for content-based applications},
  author={Kim, Changick and Hwang, Jenq-Neng},
  journal={IEEE transactions on circuits and systems for video technology},
  volume={12},
  number={2},
  pages={122--129},
  year={2002},
  publisher={IEEE}
}

% ===== old
@article{schalkoff1982model,
  title={A model and tracking algorithm for a class of video targets},
  author={Schalkoff, Robert J and Mcvey, Eugene S},
  journal={IEEE transactions on pattern analysis and machine intelligence},
  number={1},
  pages={2--10},
  year={1982},
  publisher={IEEE}
}

% ===== chinese
@article{管皓2016深度学习在视频目标跟踪中的应用进展与展望,
  title={深度学习在视频目标跟踪中的应用进展与展望},
  author={管皓 and 薛向阳 and 安志勇},
  journal={自动化学报},
  volume={42},
  number={6},
  pages={834--847},
  year={2016}
}

@mice{benchme,
  title={针对无人机复杂畸变视频影像的稳像后处理方法},
  author={崔家梁},
  year={2016}
}
% vim:ts=4:sw=4
